@article{lim2013thin,
  title={Thin servers with smart pipes: designing SoC accelerators for memcached},
  author={Lim, Kevin and Meisner, David and Saidi, Ali G and Ranganathan, Parthasarathy and Wenisch, Thomas F},
  journal={ACM SIGARCH Computer Architecture News},
  volume={41},
  number={3},
  pages={36--47},
  year={2013},
  publisher={ACM}
}